<?xml version="1.0" encoding="UTF-8"?><collection xmlns="http://www.loc.gov/MARC21/slim"><record><leader>00392nam--2200157-i-4500</leader><controlfield tag="001">000030220</controlfield><controlfield tag="002">20161230</controlfield><controlfield tag="005">20170306185457</controlfield><controlfield tag="008">060222s1000------------r-----000-0-eng-d</controlfield><datafield ind1=" " ind2=" " tag="080"><subfield code="a">548.5:532.783</subfield></datafield><datafield ind1=" " ind2=" " tag="245"><subfield code="a">The molecular physics of liquid crystal</subfield></datafield><datafield ind1=" " ind2=" " tag="260"><subfield code="a">London</subfield><subfield code="b">Avad.Press</subfield><subfield code="c">1979</subfield></datafield><datafield ind1=" " ind2=" " tag="300"><subfield code="a">XIII + 494 p</subfield></datafield><datafield ind1=" " ind2=" " tag="700"><subfield code="a">Gray, G. W</subfield></datafield><datafield ind1=" " ind2=" " tag="852"><subfield code="a">47092</subfield></datafield><datafield ind1=" " ind2=" " tag="CAT"><subfield code="a">SYS</subfield><subfield code="c">20170306</subfield><subfield code="h">185457</subfield></datafield></record></collection>